@book{laski2009software,
  title={{Software Verification and Analysis}},
  author={Laski, J. and Stanley, W.},
  isbn={9781848822405},
  url={http://books.google.rs/books?id=5hFnaDQ1jiAC},
  year={2009},
  publisher={Springer-Verlag},
  address = {London}
}

Stavljati {{autor_ime}}. U .tex je promenjeno sa \bibliographystyle{plain} u \bibliographystyle{ieeetr} da bi se literatura i citati pojavljivali redom kao i u tekstu. Zbog toga se imena autora moraju stavljati u duplim viticastim zagradama, a ne u jednostrukim, inace ce biti ispisani samo inicijali.

@misc{Statistika_prosek_gresaka,
title = {{Number of errors on 1000 lines of code}},
note = {On-line at: \url{https://news.ycombinator.com/}},
    author = {{Hacker News}},
    year = {2016}
}

@misc{ibm_halstead,
title = {{Halstead Metrics}},
note = {On-line at: \url{https://www.ibm.com/support/knowledgecenter/en/SSSHUF_8.0.2/com.ibm.rational.testrt.studio.doc/topics/csmhalstead.htm}},
    author = {{IBM Knowledge Center}}
}

@misc{mccabe_fortran,
title = {{System Software Reliability}},
note = {Chapter 5.3: McCabe's Cyclomatic Complexity Metric},
    author = {{Hoang Pham}},
    year = {2006}
}

@article{haltingproblem,
    author = {Turing, A. M.},
    citeulike-article-id = {155758},
    journal = {Proceedings of the London Mathematical Society},
    keywords = {computability, entscheidungsproblem, turing},
    number = {42},
    pages = {230--265},
    posted-at = {2005-04-08 18:11:59},
    priority = {0},
    title = {{On Computable Numbers, with an application to the Entscheidungsproblem}},
    volume = {2},
    year = {1936}
}

